% This file was created with JabRef 2.7b.
% Encoding: UTF-8

@MANUAL{fluidity_manual_v4,
  title = {Fluidity Manual},
  author = {AMCG},
  organization = {Applied Modelling and Computation Group},
  address = {Department of Earth Science and Engineering, South Kensington Campus,
	Imperial College London, London, SW7 2AZ, UK},
  edition = {Version 4.0-release},
  month = {November},
  year = {2010},
  note = {available at \url{http://hdl.handle.net/10044/1/7086 }}
}

@INPROCEEDINGS{lizst,
  author = {DeVito, Zachary and Joubert, Niels and Palacios, Francisco and Oakley,
	Stephen and Medina, Montserrat and Barrientos, Mike and Elsen, Erich
	and Ham, Frank and Aiken, Alex and Duraisamy, Karthik and Darve,
	Eric and Alonso, Juan and Hanrahan, Pat},
  title = {Liszt: A Domain Specific Language for Building Portable Mesh-based
	PDE Solvers},
  booktitle = {Proceedings of 2011 International Conference for High Performance
	Computing, Networking, Storage and Analysis},
  year = {2011},
  series = {SC '11},
  pages = {9:1--9:12},
  address = {New York, NY, USA},
  publisher = {ACM},
  acmid = {2063396},
  articleno = {9},
  doi = {10.1145/2063384.2063396},
  isbn = {978-1-4503-0771-0},
  keywords = {compiler analysis and program transformations, programming and runtime
	environments for high performance and high throughput computing},
  location = {Seattle, Washington},
  numpages = {12},
  url = {http://doi.acm.org/10.1145/2063384.2063396}
}

@MISC{firedrake-code,
  author = {{Firedrake contributors}},
  title = {{The Firedrake Project}},
  howpublished = {\url{http://www.firedrakeproject.org}},
  year = {2014}
}

@ARTICLE{tensor-kirby,
  author = {Kirby, Robert C. and Knepley, Matthew and Logg, Anders and Scott,
	L. Ridgway},
  title = {Optimizing the Evaluation of Finite Element Matrices},
  journal = {SIAM J. Sci. Comput.},
  year = {2005},
  volume = {27},
  pages = {741--758},
  number = {3},
  month = oct,
  acmid = {1103487},
  address = {Philadelphia, PA, USA},
  doi = {10.1137/040607824},
  issn = {1064-8275},
  issue_date = {2005},
  keywords = {compiler, finite element, variational form},
  numpages = {18},
  publisher = {Society for Industrial and Applied Mathematics},
  url = {http://dx.doi.org/10.1137/040607824}
}

@ARTICLE{petsc-integration-gpu,
  author = {Knepley, Matthew G. and Terrel, Andy R.},
  title = {Finite Element Integration on GPUs},
  journal = {ACM Trans. Math. Softw.},
  year = {2013},
  volume = {39},
  pages = {10:1--10:13},
  number = {2},
  month = feb,
  acmid = {2427027},
  address = {New York, NY, USA},
  articleno = {10},
  doi = {10.1145/2427023.2427027},
  issn = {0098-3500},
  issue_date = {February 2013},
  keywords = {Finite element integration, GPGPUs},
  numpages = {13},
  publisher = {ACM},
  url = {http://doi.acm.org/10.1145/2427023.2427027}
}

@BOOK{fenics,
  title = {Automated Solution of Differential Equations by the Finite Element
	Method},
  publisher = {Springer},
  year = {2012},
  author = {Anders Logg and Kent-Andre Mardal and Garth N. Wells and others},
  doi = {10.1007/978-3-642-23099-8},
  isbn = {978-3-642-23098-1}
}

@INPROCEEDINGS{pyop2isc,
  author = {G.~R. Markall and F. Rathgeber and L. Mitchell and N. Loriant and
	C. Bertolli and D.~A. Ham and P.~H.~J.~ Kelly},
  title = {Performance portable finite element assembly using {PyOP2} and {FEniCS}},
  booktitle = {Proceedings of the International Supercomputing Conference (ISC)
	'13},
  year = {2013},
  volume = {7905},
  series = {Lecture Notes in Computer Science},
  month = {June},
  note = {In press}
}

@ARTICLE{quadrature-olegaard,
  author = {Olgaard, Kristian B. and Wells, Garth N.},
  title = {Optimizations for quadrature representations of finite element tensors
	through automated code generation},
  journal = {ACM Trans. Math. Softw.},
  year = {2010},
  volume = {37},
  pages = {8:1--8:23},
  number = {1},
  month = jan,
  acmid = {1644009},
  address = {New York, NY, USA},
  articleno = {8},
  doi = {10.1145/1644001.1644009},
  issn = {0098-3500},
  issue_date = {January 2010},
  keywords = {Finite element method, code generation},
  numpages = {23},
  publisher = {ACM},
  url = {http://doi.acm.org/10.1145/1644001.1644009}
}

@INPROCEEDINGS{Rossinelli2013,
  author = {Rossinelli, Diego and Hejazialhosseini, Babak and Hadjidoukas, Panagiotis
	and Bekas, Costas and Curioni, Alessandro and Bertsch, Adam and Futral,
	Scott and Schmidt, Steffen J. and Adams, Nikolaus A. and Koumoutsakos,
	Petros},
  title = {11 PFLOP/s Simulations of Cloud Cavitation Collapse},
  booktitle = {Proceedings of the International Conference on High Performance Computing,
	Networking, Storage and Analysis},
  year = {2013},
  series = {SC '13},
  pages = {3:1--3:13},
  address = {New York, NY, USA},
  publisher = {ACM},
  acmid = {2504565},
  articleno = {3},
  doi = {10.1145/2503210.2504565},
  isbn = {978-1-4503-2378-9},
  location = {Denver, Colorado},
  numpages = {13},
  url = {http://doi.acm.org/10.1145/2503210.2504565}
}

@ARTICLE{francis,
  author = {Francis P. Russell and Paul H. J. Kelly},
  title = {Optimized Code Generation for Finite Element Local Assembly Using
	Symbolic Manipulation},
  journal = {{ACM} Transactions on Mathematical Software},
  year = {2013},
  volume = {39},
  number = {4},
  accepted = {28 February 2013},
  upcoming = {true}
}

@comment{jabref-meta: selector_publisher:}

@comment{jabref-meta: selector_author:}

@comment{jabref-meta: selector_journal:}

@comment{jabref-meta: selector_keywords:}

