% This file was created with JabRef 2.9b2.
% Encoding: UTF8

